@article{owidinternet,
    author = {Max Roser and Hannah Ritchie and Esteban Ortiz-Ospina},
    title = {Internet},
    journal = {Our World in Data},
    year = {2015},
    note = {https://ourworldindata.org/internet}
}

@online{caniuse:features,
  author = {CanIUse Contributors},
  title = {Feature index},
  year = 2023,
  url = {https://caniuse.com/ciu/index},
  urldate = {2023-03-10}
}

@online{digital:2021,
  author = {We Are Social and Hootsuite},
  title = {Digital 2021},
  year = 2021,
  url = {https://www.slideshare.net/DataReportal/digital-2021-global-overview-report-january-2021-v03},
  urldate = {2021-01-27}
}

@online{digital:2023,
  author = {We Are Social and Hootsuite},
  title = {Digital 2023},
  year = 2023,
  url = {https://datareportal.com/reports/digital-2023-global-overview-report},
  urldate = {2023-01-26}
}

@online{trend:jslua,
  author = {Google Trends},
  title = {Lua, Python, JavaScript},
  year = 2023,
  url = {https://trends.google.com/trends/explore?date=2005-02-10%202023-03-10&geo=US&q=Lua,%2Fm%2F05z1_,%2Fm%2F02p97&hl=en},
  urldate = {2023-03-10}
}

@online{arewefastyet,
  author = {Mozilla},
  title = {Are We Fast Yet},
  year = 2023,
  url = {https://arewefastyet.com},
  urldate = {2023-03-10}
}

@online{embench,
  author = {embench},
  title = {embench},
  year = 2015,
  url = {https://github.com/taksatou/embench},
  urldate = {2023-03-10}
}

@software{hyperfine,
  author = {Peter, David},
  license = {MIT},
  month = {9},
  title = {{hyperfine}},
  url = {https://github.com/sharkdp/hyperfine},
  version = {1.15.0},
  year = {2022}
}